<record><leader>00000cas a2200000 a 4500</leader><controlfield tag="001">10444516</controlfield><controlfield tag="008">840222d19151919ksuwr ne      0   a0eng d</controlfield><datafield ind1=" " ind2=" " tag="010"><subfield code="a">sn 84029033 </subfield></datafield><datafield ind1=" " ind2=" " tag="040"><subfield code="a">KSH</subfield><subfield code="b">eng</subfield><subfield code="c">KSH</subfield><subfield code="d">NPT</subfield><subfield code="d">OCL</subfield><subfield code="d">OCLCQ</subfield></datafield><datafield ind1=" " ind2=" " tag="042"><subfield code="a">msc</subfield></datafield><datafield ind1=" " ind2=" " tag="043"><subfield code="a">n-us-ks</subfield></datafield><datafield ind1="0" ind2="4" tag="245"><subfield code="a">The Dexter observer.</subfield></datafield><datafield ind1=" " ind2=" " tag="260"><subfield code="a">Dexter, Kan. :</subfield><subfield code="b">J.L. Alexander,</subfield><subfield code="c">1915-</subfield></datafield><datafield ind1=" " ind2=" " tag="300"><subfield code="a">v.</subfield></datafield><datafield ind1=" " ind2=" " tag="310"><subfield code="a">Weekly</subfield></datafield><datafield ind1="0" ind2=" " tag="362"><subfield code="a">Vol. 11, no. 12 (June 17, 1915)-</subfield></datafield><datafield ind1="1" ind2=" " tag="362"><subfield code="a">Ceased in 1919?</subfield></datafield><datafield ind1=" " ind2=" " tag="500"><subfield code="a">Publishers: I.E. Loyd, June 1, 1916-Mar. 15, 1917; Len Goheen, Feb. 7, 1919-</subfield></datafield><datafield ind1=" " ind2=" " tag="752"><subfield code="a">United States</subfield><subfield code="b">Kansas</subfield><subfield code="c">Cowley</subfield><subfield code="d">Dexter.</subfield></datafield><datafield ind1="0" ind2="0" tag="780"><subfield code="t">Dexter dispatch-news</subfield><subfield code="w">(DLC)sn 84029034</subfield></datafield><datafield ind1="0" ind2="0" tag="785"><subfield code="t">Dexter tribune</subfield><subfield code="w">(DLC)sn 84029032</subfield></datafield></record>